<record><leader>00000cas a22000007a 4500</leader><controlfield tag="001">11208269</controlfield><controlfield tag="008">840928d18301831njuwr ne      0    0eng  </controlfield><datafield ind1=" " ind2=" " tag="010"><subfield code="a">sn 84020588 </subfield></datafield><datafield ind1=" " ind2=" " tag="040"><subfield code="a">DLC</subfield><subfield code="b">eng</subfield><subfield code="c">DLC</subfield><subfield code="d">NPX</subfield><subfield code="d">NPA</subfield><subfield code="d">NJW</subfield><subfield code="d">DLC</subfield><subfield code="d">OCLCQ</subfield><subfield code="d">DLC</subfield><subfield code="d">OCLCQ</subfield></datafield><datafield ind1=" " ind2=" " tag="042"><subfield code="a">msc</subfield></datafield><datafield ind1="0" ind2="0" tag="050"><subfield code="a">Newspaper</subfield></datafield><datafield ind1="0" ind2=" " tag="130"><subfield code="a">Union (Trenton, N.J.)</subfield></datafield><datafield ind1="1" ind2="4" tag="245"><subfield code="a">The union.</subfield></datafield><datafield ind1=" " ind2=" " tag="260"><subfield code="a">Trenton [N.J. :</subfield><subfield code="b">s.n.]</subfield></datafield><datafield ind1=" " ind2=" " tag="300"><subfield code="a">v.</subfield></datafield><datafield ind1=" " ind2=" " tag="310"><subfield code="a">Weekly</subfield></datafield><datafield ind1="1" ind2=" " tag="362"><subfield code="a">Began with Nov. 26, 1830 issue; ceased in 1831.</subfield></datafield><datafield ind1=" " ind2=" " tag="500"><subfield code="a">Published by Frederic P. Sheldon, &lt;1831&gt;.</subfield></datafield><datafield ind1=" " ind2=" " tag="500"><subfield code="a">"Republican."</subfield></datafield><datafield ind1=" " ind2=" " tag="588"><subfield code="a">Description based on: Vol. 1, no. 9 (Dec. 14, 1830).</subfield></datafield><datafield ind1=" " ind2=" " tag="752"><subfield code="a">United States</subfield><subfield code="b">New Jersey</subfield><subfield code="c">Mercer</subfield><subfield code="d">Trenton.</subfield></datafield><datafield ind1="0" ind2="0" tag="785"><subfield code="t">National union (Trenton, N.J.)</subfield><subfield code="w">(DLC)sn 84020550</subfield><subfield code="w">(OCoLC)11115915</subfield></datafield><datafield ind1="1" ind2=" " tag="029"><subfield code="a">AU@</subfield><subfield code="b">000026222295</subfield></datafield></record>